@misc{Manber93,
Author = "Udi Manber and Gene Myers",
Journal = "SIAM J Comput",
Pages = "935--948",
Year = "1993",
Title = "Suffix arrays : a new method for on-line string searches",
URL = "http://www.di.unipi.it/didadoc/asw/grossidir/suffarr.ps.gz"
}


@article{Kasai01,
Author = "Toru Kasai and Gunho Lee and Hiroki Arimura and Setsuo
                  Arikawa and Kunsoo Park",
Journal = "12th Annual Symposium on Combinatorial
                  Pattern Matching",
Year = 2001,
Volume = "2089",
Pages = "181--192",
Title = "Linear-Time Longest-Common-Prefix Computation in Suffix
                  Arrays and Its Applications"
}

@misc{Raffinot11,
Author = "Mathieu Raffinot",
Year = "2001",
Pages = "50---58",
Title = "Bases d'algorithmique du texte pour la bioinformatique"}

@article{Burrows94,
Author = "M. Burrows and D. J. Wheeler",
Year = "1994",
Title = "A block-sorting lossless data compression algorithm",
Journal = "Digital Systems Research Center Research Report",
Volume = "124"
}